@book{winskel1993formal,
  title={The formal semantics of programming languages: an introduction},
  author={Winskel, Glynn},
  year={1993},
  publisher={MIT press}
}
